<record><leader>00000cas a22000007i 4500</leader><controlfield tag="001">849807600</controlfield><controlfield tag="006">m     o  d        </controlfield><controlfield tag="007">cr |n|||||||||</controlfield><controlfield tag="008">840119d18751881nduir neo     0   a0eng d</controlfield><datafield ind1=" " ind2=" " tag="010"><subfield code="a">  2013218923</subfield></datafield><datafield ind1=" " ind2=" " tag="040"><subfield code="a">SYB</subfield><subfield code="b">eng</subfield><subfield code="e">rda</subfield><subfield code="c">SYB</subfield><subfield code="d">OCLCO</subfield><subfield code="d">DLC</subfield></datafield><datafield ind1="0" ind2=" " tag="022"><subfield code="a">2330-5819</subfield><subfield code="2">1</subfield></datafield><datafield ind1="8" ind2=" " tag="024"><subfield code="a">ssj0038891</subfield></datafield><datafield ind1=" " ind2=" " tag="042"><subfield code="a">msc</subfield><subfield code="a">nsdp</subfield></datafield><datafield ind1=" " ind2=" " tag="043"><subfield code="a">n-us-nd</subfield></datafield><datafield ind1="1" ind2="0" tag="050"><subfield code="a">ISSN RECORD</subfield></datafield><datafield ind1="0" ind2="0" tag="082"><subfield code="a">071</subfield><subfield code="2">23</subfield></datafield><datafield ind1="0" ind2=" " tag="130"><subfield code="a">Bismarck tri-weekly tribune (Online)</subfield></datafield><datafield ind1=" " ind2="0" tag="222"><subfield code="a">Bismarck tri-weekly tribune</subfield><subfield code="b">(Online)</subfield></datafield><datafield ind1="1" ind2="0" tag="245"><subfield code="a">Bismarck tri-weekly tribune.</subfield></datafield><datafield ind1=" " ind2="1" tag="264"><subfield code="a">Bismarck, D.T. [N.D.] :</subfield><subfield code="b">The Bismarck Tribune Co.</subfield></datafield><datafield ind1=" " ind2=" " tag="310"><subfield code="a">Triweekly</subfield></datafield><datafield ind1=" " ind2=" " tag="336"><subfield code="a">text</subfield><subfield code="b">txt</subfield><subfield code="2">rdacontent</subfield></datafield><datafield ind1=" " ind2=" " tag="337"><subfield code="a">computer</subfield><subfield code="b">c</subfield><subfield code="2">rdamedia</subfield></datafield><datafield ind1=" " ind2=" " tag="338"><subfield code="a">online resource</subfield><subfield code="b">cr</subfield><subfield code="2">rdacarrier</subfield></datafield><datafield ind1="1" ind2=" " tag="362"><subfield code="a">Began with November 15, 1875 issue. Ceased with April 16, 1881 issue?</subfield></datafield><datafield ind1=" " ind2=" " tag="506"><subfield code="a">License restrictions may limit access.</subfield></datafield><datafield ind1=" " ind2=" " tag="580"><subfield code="a">Weekly eds.: Bismarck weekly tribune (Bismarck, N.D. : 1875), 1875-1878, and: Bismarck tribune (Bismarck, N.D. : 1878), 1878-1881.</subfield></datafield><datafield ind1=" " ind2=" " tag="588"><subfield code="a">Description based on: Vol. 5, no. 1 (June 4, 1877); title from masthead (Chroniclingamerica.loc.gov, viewed August 21, 2013).</subfield></datafield><datafield ind1=" " ind2=" " tag="588"><subfield code="a">Latest issue consulted: Vol. 5, no. 128 (April 9, 1878) (Chroniclingamerica.loc.gov, viewed August 21, 2013).</subfield></datafield><datafield ind1=" " ind2="0" tag="651"><subfield code="a">Bismarck (N.D.)</subfield><subfield code="v">Newspapers.</subfield></datafield><datafield ind1=" " ind2="0" tag="655"><subfield code="a">Electronic journals.</subfield></datafield><datafield ind1=" " ind2=" " tag="752"><subfield code="a">United States</subfield><subfield code="b">North Dakota</subfield><subfield code="c">Burleigh</subfield><subfield code="d">Bismarck.</subfield></datafield><datafield ind1="1" ind2=" " tag="775"><subfield code="t">Bismarck weekly tribune (Bismarck, N.D. : 1875 : Online)</subfield><subfield code="x">2330-5878</subfield><subfield code="w">(DLC)  2013218924</subfield><subfield code="w">(OCoLC)506459348</subfield></datafield><datafield ind1="1" ind2=" " tag="775"><subfield code="t">Bismarck tribune (Bismarck, N.D. : 1878 : Online)</subfield><subfield code="x">2330-6017</subfield><subfield code="w">(DLC)  2013218927</subfield><subfield code="w">(OCoLC)856524485</subfield></datafield><datafield ind1="0" ind2="8" tag="776"><subfield code="i">Originally issued in print:</subfield><subfield code="t">Bismarck tri-weekly tribune</subfield><subfield code="x">2330-5800</subfield><subfield code="w">(DLC)sn 84022128</subfield><subfield code="w">(OCoLC)10314980</subfield></datafield><datafield ind1="0" ind2="0" tag="785"><subfield code="t">Bismarck daily tribune (Online)</subfield><subfield code="x">2330-5932</subfield><subfield code="w">(DLC)  2013218925</subfield><subfield code="w">(OCoLC)586060490</subfield></datafield><datafield ind1="4" ind2="0" tag="856"><subfield code="u">http://chroniclingamerica.loc.gov/lccn/sn84022128/issues</subfield></datafield><datafield ind1="4" ind2="0" tag="856"><subfield code="z">Click here for full text</subfield><subfield code="u">http://NQ5HL7CP9D.search.serialssolutions.com/?sid=sersol&amp;SS_jc=BISMTRIWET&amp;title=Bismarck%20tri-weekly%20tribune</subfield><subfield code="x">serx</subfield></datafield></record>